%% This BibTeX bibliography file was created using BibDesk.
%% http://bibdesk.sourceforge.net/

%% Created for Samantha Davis at 2015-06-19 13:04:46 -0700 


%% Saved with string encoding Unicode (UTF-8) 



@article{Ribbens1994,
	Author = {Ribbens, Eric and Silander, John A. and Pacala, Stephen W.},
	Date-Added = {2015-06-19 20:04:01 +0000},
	Date-Modified = {2015-06-19 20:04:01 +0000},
	File = {:Users/admin/Desktop/Mendeley/Ribbens, Silander, Pacala - 1994 - Seedling recruitment in forests Calibrating models to predict patterns of tree seedling dispersion.pdf:pdf},
	Journal = {Ecology},
	Mendeley-Groups = {Postdoc Papers},
	Number = {6},
	Pages = {1794--1806},
	Title = {{Seedling recruitment in forests : Calibrating models to predict patterns of tree seedling dispersion}},
	Volume = {75},
	Year = {1994}}
